<record><leader>00000cas a2200000 a 4500</leader><controlfield tag="001">11107379</controlfield><controlfield tag="008">840830d18261830ohuwr ne      0   a0eng c</controlfield><datafield ind1=" " ind2=" " tag="010"><subfield code="a">sn 84024476 </subfield></datafield><datafield ind1=" " ind2=" " tag="040"><subfield code="a">NPV</subfield><subfield code="b">eng</subfield><subfield code="c">NPV</subfield><subfield code="d">NPY</subfield><subfield code="d">NPV</subfield><subfield code="d">DLC</subfield><subfield code="d">ONP</subfield><subfield code="d">CNK</subfield><subfield code="d">MHN</subfield><subfield code="d">CVF</subfield><subfield code="d">OCL</subfield><subfield code="d">OCLCQ</subfield><subfield code="d">OCLCF</subfield><subfield code="d">OCLCO</subfield><subfield code="d">OCLCA</subfield></datafield><datafield ind1=" " ind2=" " tag="042"><subfield code="a">pcc</subfield></datafield><datafield ind1=" " ind2=" " tag="043"><subfield code="a">n-us-oh</subfield></datafield><datafield ind1="0" ind2="0" tag="050"><subfield code="a">Newspaper 9214-X</subfield></datafield><datafield ind1="0" ind2="4" tag="245"><subfield code="a">The Ohio repository, and Stark County gazette.</subfield></datafield><datafield ind1=" " ind2=" " tag="260"><subfield code="a">Canton, Ohio :</subfield><subfield code="b">John Saxton,</subfield><subfield code="c">1826-</subfield></datafield><datafield ind1=" " ind2=" " tag="300"><subfield code="a">v. :</subfield><subfield code="b">ill. (chiefly advertisements) ;</subfield><subfield code="c">51-54 cm.</subfield></datafield><datafield ind1=" " ind2=" " tag="310"><subfield code="a">Weekly</subfield></datafield><datafield ind1="0" ind2=" " tag="362"><subfield code="a">Vol. 12, no. 27 (Nov. 15, 1826)-</subfield></datafield><datafield ind1="1" ind2=" " tag="362"><subfield code="a">Ceased in 1830.</subfield></datafield><datafield ind1=" " ind2=" " tag="500"><subfield code="a">"National Republican."</subfield></datafield><datafield ind1=" " ind2="0" tag="651"><subfield code="a">Canton (Ohio)</subfield><subfield code="v">Newspapers.</subfield></datafield><datafield ind1=" " ind2="0" tag="651"><subfield code="a">Stark County (Ohio)</subfield><subfield code="v">Newspapers.</subfield></datafield><datafield ind1=" " ind2="7" tag="655"><subfield code="a">Newspapers.</subfield><subfield code="2">fast</subfield><subfield code="0">(OCoLC)fst01423814</subfield></datafield><datafield ind1=" " ind2="7" tag="651"><subfield code="a">Ohio</subfield><subfield code="z">Canton.</subfield><subfield code="2">fast</subfield><subfield code="0">(OCoLC)fst01202881</subfield></datafield><datafield ind1=" " ind2="7" tag="651"><subfield code="a">Ohio</subfield><subfield code="z">Stark County.</subfield><subfield code="2">fast</subfield><subfield code="0">(OCoLC)fst01219876</subfield></datafield><datafield ind1=" " ind2=" " tag="752"><subfield code="a">United States</subfield><subfield code="b">Ohio</subfield><subfield code="c">Stark</subfield><subfield code="d">Canton.</subfield></datafield><datafield ind1="0" ind2="0" tag="780"><subfield code="t">Ohio repository (Canton, Ohio : 1815)</subfield><subfield code="w">(DLC)sn 84024563</subfield><subfield code="w">(OCoLC)9330088</subfield></datafield><datafield ind1="0" ind2="0" tag="785"><subfield code="t">Ohio repository (Canton, Ohio : 1830)</subfield><subfield code="w">(DLC)sn 84028480</subfield><subfield code="w">(OCoLC)11123626</subfield></datafield></record>